


@book{ von1947theory,
  author = "Von Neumann, John and Morgenstern, Oskar.",
  title = "The Theory of Games and Economic Behavior",
  publisher = "Princeton University Press",
  year = "1947"
}

@article{Garey_Max_Is_Cubic,
author = "Michael R. Garey and David S. Johnson and Larry Stockmeyer",
title = "Some simplified NP-complete graph problems",
journal={Theoretical Computer Science},
volume={1},
number={3},
pages={237--267},
  year={1976}
}

@inproceedings{impagl,
  title={Complexity of k-SAT},
  author={Impagliazzo, Russell and Paturi, Ramamohan},
  booktitle={Computational Complexity, 1999. Proceedings. Fourteenth Annual IEEE Conference on},
  pages={237--240},
  year={1999},
  organization={IEEE}
}


@book{downey2012,
  title={Parameterized complexity},
  author={Downey, Rodney G and Fellows, Michael Ralph},
  year={2012},
  publisher={Springer Science \& Business Media}
}

@article{ColorCoding,
  title={Color-coding},
  author={Alon, Noga and Yuster, Raphael and Zwick, Uri},
  journal={Journal of the ACM (JACM)},
  volume={42},
  number={4},
  pages={844--856},
  year={1995},
  publisher={ACM}
}

@incollection{ GASP12WINE,
year={2012},
isbn={978-3-642-35310-9},
booktitle={Internet and Network Economics},
volume={7695},
series={Lecture Notes in Computer Science},
editor={Goldberg, PaulW.},
doi={10.1007/978-3-642-35311-6_12},
title={Group Activity Selection Problem},
url={http://dx.doi.org/10.1007/978-3-642-35311-6_12},
publisher={Springer Berlin Heidelberg},
author={Darmann, Andreas and Elkind, Edith and Kurz, Sascha and Lang, JÃ©rÃŽme and Schauer, Joachim and Woeginger, Gerhard},
pages={156-169},
language={English}
}


@incollection{ DARMANN15ADT,
year={2015},
isbn={978-3-319-23113-6},
booktitle={Algorithmic Decision Theory},
volume={9346},
series={Lecture Notes in Computer Science},
editor={Walsh, Toby},
doi={10.1007/978-3-319-23114-3_3},
title={Group Activity Selection from Ordinal Preferences},
url={http://dx.doi.org/10.1007/978-3-319-23114-3_3},
publisher={Springer International Publishing},
author={Darmann, Andreas},
pages={35-51},
language={English}
}

@inproceedings{ LEE15AAAI,
  author    = {Hooyeon Lee and
               Yoav Shoham},
  title     = {Stable Invitations},
  booktitle = {Proceedings of the Twenty-Ninth {AAAI} Conference on Artificial Intelligence,
               January 25-30, 2015, Austin, Texas, {USA.}},
  pages     = {965--971},
  year      = {2015},
  url       = {http://www.aaai.org/ocs/index.php/AAAI/AAAI15/paper/view/9368},
  timestamp = {Sun, 12 Apr 2015 15:18:08 +0200},
}


@article{BogomolnaiaJackson,
author = "Anna Bogomolnaia and Matthew O. Jackson.",
title = "The stability of hedonic coalition structures",
journal={Games and Economic Behavior},
	volume={38},
	number={2},
  pages={201--230},
  year={2002}
}


@article{DrezeGreenberg,
author = "Jacques H. Dreze and Joseph Greenberg.",
title = "Hedonic coalitions: Optimality and stability",
journal={Journal of the Econometric Society},
  pages={987--1003},
  year={1980}
}

@inproceedings{AzizBrandl,
author = "Haris Aziz and Florian Brandl.",
title = "Existence of stability in hedonic coalition formation games",
booktitle={Proceedings of the 11th International Conference on Autonomous Agents and Multiagent Systems},
  pages={763--770},
  year={2012}
}

@article{NP_hedonic,
author = "Coralio Ballester",
title = "NP-completeness in hedonic games",
journal={Games and Economic Behavior},
volume={49},
number={1},
pages={1--30},
  year={2004}
}

%18. Doodle AG Web site. Doodle: Easy scheduling. Available
from: www.doodle.com/[Accessed January 6, 2010].
@article{andrews90,
author = "George E. Andrews",
title = "Euler's 'exemplum memorabile inductionis fallacis' and q-trinomial",
journal={Journal of the American Mathematical Society},
  volume={3},
  number={3},
  pages={653--669},
  year={1990}
}

@article{Borda,
  title={M{\'e}moire sur les {\'e}lections au scrutin},
  author={de Borda, J.C.},
  year={1781},
  publisher={Histoire de l$\backslash$'Academie Royale des Sciences}
}


@article{mitchell1994experience,
  title={Experience with a learning personal assistant},
  author={Mitchell, T.M. and Caruana, R. and Freitag, D. and McDermott, J. and Zabowski, D. and others},
  journal={Communications of the ACM},
  volume={37},
  number={7},
  pages={80--91},
  year={1994}
}

@article{wainer2007scheduling,
  title={Scheduling meetings through multi-agent negotiations},
  author={Wainer, J. and Ferreira, P.R. and Constantino, E.R.},
  journal={Decision Support Systems},
  volume={44},
  number={1},
  pages={285--297},
  year={2007},
  publisher={Elsevier}
}

@inproceedings{berry2006deploying,
  title={Deploying a personalized time management agent},
  author={Berry, P. and Peintner, B. and Conley, K. and Gervasio, M. and Uribe, T. and Yorke-Smith, N.},
  booktitle={Proceedings of the fifth international joint conference on Autonomous agents and multiagent systems},
  pages={1564--1571},
  year={2006},
  organization={ACM}
}

@inproceedings{chia1998coordinating,
  title={Coordinating asynchronous agent activities in a distributed scheduling system},
  author={Chia, M.H. and Neiman, D.E. and Lesser, V.R.},
  booktitle={Proceedings of the Third International Conference on Multi-Agent Systems (ICMAS'98)},
  year={1998}
}

@article{sycara1991distributed,
  title={Distributed constrained heuristic search},
  author={Sycara, K. and Roth, S.F. and Sadeh, N. and Fox, M.S.},
  journal={Systems, Man and Cybernetics, IEEE Transactions on},
  volume={21},
  number={6},
  pages={1446--1461},
  year={1991},
  publisher={IEEE}
}
@inproceedings{neiman1994exploiting,
  title={Exploiting meta-level information in a distributed scheduling system},
  author={Neiman, D.E. and Hildum, D.W. and Lesser, V.R. and Sandholm, T. and others},
  booktitle={PROCEEDINGS OF THE NATIONAL CONFERENCE ON ARTIFICIAL INTELLIGENCE},
  pages={394--394},
  year={1994},
  organization={JOHN WILEY \& SONS LTD}
}

@inproceedings{hannebauer2001distributed,
  title={Distributed constraint optimization for medical appointment scheduling},
  author={Hannebauer, M. and M{\"u}ller, S.},
  booktitle={Proceedings of the fifth international conference on Autonomous agents},
  pages={139--140},
  year={2001},
  organization={ACM}
}

@inproceedings{decker1998coordinated,
  title={Coordinated hospital patient scheduling},
  author={Decker, K. and Li, J.},
  booktitle={Multi Agent Systems, 1998. Proceedings. International Conference on},
  pages={104--111},
  year={1998},
  organization={IEEE}
}

@article{maes1994agents,
  title={Agents that reduce work and information overload},
  author={Maes, P.},
  journal={Communications of the ACM},
  volume={37},
  number={7},
  pages={30--40},
  year={1994},
  publisher={New York}
}

@article{sen1998formal,
  title={A formal study of distributed meeting scheduling},
  author={Sen, S. and Durfee, E.H.},
  journal={Group Decision and Negotiation},
  volume={7},
  number={3},
  pages={265--289},
  year={1998},
  publisher={Springer}
}

@article{st1997satisfying,
  title={Satisfying user preferences while negotiating meetings},
  author={St, S.T.F.},
  year={1997}
}

@inproceedings{tsuruta2000scheduling,
  title={Scheduling meetings using distributed valued constraint satisfaction algorithm},
  author={Tsuruta, T. and Shintani, T.},
  booktitle={ECAI},
  pages={383--387},
  year={2000}
}

@inproceedings{ephrati1994non,
  title={A non-manipulable meeting scheduling system},
  author={Ephrati, E. and Zlotkin, G. and Rosenschein, J.S.},
  booktitle={Proceedings of the 13th international workshop on distributed artificial intelligence},
  pages={105--125},
  year={1994}
}

@MISC{Jennings95agent,
    author = {N. R. Jennings and A. J. Jackson and London E Ns},
    title = {Agent-based Meeting Scheduling: A Design and Implementation},
    year = {1995}
}

@incollection{Cowling,
year={2001},
isbn={978-3-540-42421-5},
booktitle={Practice and Theory of Automated Timetabling III},
volume={2079},
series={Lecture Notes in Computer Science},
editor={Burke, Edmund and Erben, Wilhelm},
doi={10.1007/3-540-44629-X_11},
title={A Hyperheuristic Approach to Scheduling a Sales Summit},
url={http://dx.doi.org/10.1007/3-540-44629-X_11},
publisher={Springer Berlin Heidelberg},
keywords={hyperheuristics; metaheuristics; heuristics; personnel scheduling; local search; choice function},
author={Cowling, Peter and Kendall, Graham and Soubeiga, Eric},
pages={176-190},
language={English}
}

@inproceedings{freuder2001privacy,
  title={Privacy/efficiency tradeoffs in distributed meeting scheduling by constraint-based agents},
  author={Freuder, E.C. and Minca, M. and Wallace, R.J.},
  booktitle={Proc. IJCAI DCR},
  pages={63--72},
  year={2001}
}

@article {franzin04,
author = {Franzin, M. S. and Rossi, F. and Freuder, E. C. and Wallace, R.},
title = {Multi-Agent Constraint Systems with Preferences: Efficiency, Solution Quality, and Privacy Loss},
journal = {Computational Intelligence},
volume = {20},
number = {2},
publisher = {Blackwell Publishing, Inc.},
issn = {1467-8640},
url = {http://dx.doi.org/10.1111/j.0824-7935.2004.00238.x},
doi = {10.1111/j.0824-7935.2004.00238.x},
pages = {264--286},
keywords = {preferences, multiagent systems, distributed constraint satisfaction, privacy, fuzzy optimization, Pareto optimization},
year = {2004},
}

@inproceedings{garrido1996multi,
  title={Multi-agent meeting scheduling: Preliminary experimental results},
  author={Garrido, L. and Sycara, K.},
  booktitle={Proceedings of the Second International Conference on Multiagent Systems},
  pages={95--102},
  year={1996}
}


@article{crawford2005learning,
  title={Learning to select negotiation strategies in multi-agent meeting scheduling},
  author={Crawford, E. and Veloso, M.},
  journal={Progress in Artificial Intelligence},
  pages={584--595},
  year={2005},
  publisher={Springer}
}

@inproceedings{hassine2004agent,
  title={Agent-based approach to dynamic meeting scheduling problems},
  author={Hassine, A.B. and Defago, X. and Ho, T.B.},
  booktitle={Proceedings of the Third International Joint Conference on Autonomous Agents and Multiagent Systems-Volume 3},
  pages={1132--1139},
  year={2004},
  organization={IEEE Computer Society}
}

@inproceedings{zou2015strategic,
  title={Strategic voting behavior in doodle polls},
  author={Zou, James and Meir, Reshef and Parkes, David},
  booktitle={Proceedings of the 18th ACM Conference on Computer Supported Cooperative Work \& Social Computing},
  pages={464--472},
  year={2015},
  organization={ACM}
}

@article{mann1998cross,
  title={Cross-cultural Differences in Self-reported Decision-making Style and Confidence},
  author={Mann, Leon and Radford, Mark and Burnett, Paul and Ford, Steve and Bond, Michael and Leung, Kwok and Nakamura, Hiyoshi and Vaughan, Graham and Yang, Kuo-Shu},
  journal={International Journal of Psychology},
  volume={33},
  number={5},
  pages={325--335},
  year={1998},
  publisher={Wiley Online Library}
}

@inproceedings{reinecke2013doodle,
  title={Doodle around the world: Online scheduling behavior reflects cultural differences in time perception and group decision-making},
  author={Reinecke, Katharina and Nguyen, Minh Khoa and Bernstein, Abraham and N{\"a}f, Michael and Gajos, Krzysztof Z},
  booktitle={Proceedings of the 2013 conference on Computer supported cooperative work},
  pages={45--54},
  year={2013},
  organization={ACM}
}

@inproceedings{ lee14doodle,
  title={Optimizing time and convenience in group scheduling},
  author={Lee, Hooyeon and Shoham, Yoav},
  booktitle={Proceedings of the 2014 international conference on Autonomous agents and multi-agent systems},
  pages={1345--1346},
  year={2014},
  organization={International Foundation for Autonomous Agents and Multiagent Systems}
}

@inproceedings{lee2014algorithmic,
  title={Algorithmic and game-theoretic approaches to group scheduling},
  author={Lee, Hooyeon},
  booktitle={Proceedings of the 2014 international conference on Autonomous agents and multi-agent systems},
  pages={1709--1710},
  year={2014},
  organization={International Foundation for Autonomous Agents and Multiagent Systems}
}

@inproceedings{lee2016pmip,
  title={Probabilistic Matrix Inspection Problem},
  author={Lee, Hooyeon and Goel, Ashish},
  booktitle={Proceedings of the Twenty-Fifth International Joint Conference on Artificial Intelligence},
  pages={322-328},
  year={2016},
  organization={Association for the Advancement of Artificial Intelligence}
}

@inproceedings{lee2014stable,
  title={Stable group scheduling},
  author={Lee, Hooyeon and Shoham, Yoav},
  booktitle={Proceedings of the 2014 international conference on Autonomous agents and multi-agent systems},
  pages={1347--1348},
  year={2014},
  organization={International Foundation for Autonomous Agents and Multiagent Systems}
}

@book{nisan2007algorithmic,
  title={Algorithmic game theory},
  author={Nisan, Noam and Roughgarden, Tim and Tardos, Eva and Vazirani, Vijay V},
  volume={1},
  year={2007},
  publisher={Cambridge University Press Cambridge}
}

@book{arrow2012social,
  title={Social choice and individual values},
  author={Arrow, Kenneth J},
  volume={12},
  year={2012},
  publisher={Yale university press}
}

@article{gibbard1973manipulation,
  title={Manipulation of voting schemes: a general result},
  author={Gibbard, Allan},
  journal={Econometrica: journal of the Econometric Society},
  pages={587--601},
  year={1973},
  publisher={JSTOR}
}

@article{satterthwaite1975strategy,
  title={Strategy-proofness and Arrow's conditions: Existence and correspondence theorems for voting procedures and social welfare functions},
  author={Satterthwaite, Mark Allen},
  journal={Journal of economic theory},
  volume={10},
  number={2},
  pages={187--217},
  year={1975},
  publisher={Elsevier}
}

@inproceedings{xia2014fixed,
  title={Fixed-parameter tractability of integer generalized scoring rules},
  author={Xia, Lirong},
  booktitle={Proceedings of the 2014 international conference on Autonomous agents and multi-agent systems},
  pages={1599--1600},
  year={2014},
  organization={International Foundation for Autonomous Agents and Multiagent Systems}
}

@inproceedings{liu2016parameterized,
  title={Parameterized Complexity of Winner Determination in Minimax Committee Elections},
  author={Liu, Hong and Guo, Jiong},
  booktitle={Proceedings of the 2016 International Conference on Autonomous Agents \& Multiagent Systems},
  pages={341--349},
  year={2016},
  organization={International Foundation for Autonomous Agents and Multiagent Systems}
}

@article{betzler2010parameterized,
  title={Parameterized computational complexity of Dodgson and Young elections},
  author={Betzler, Nadja and Guo, Jiong and Niedermeier, Rolf},
  journal={Information and Computation},
  volume={208},
  number={2},
  pages={165--177},
  year={2010},
  publisher={Elsevier}
}

